@Article{EKiss2008,
  author        = {Ã‰. Kiss, Katalin},
  title         = {Free word order, (non)configurationality, and phases},
  journaltitle  = {Linguistic Inquiry},
  volume        = {39},
  number        = {3},
  year          = {2008},
  pages         = {441-475},
  doi           = {10.1162/ling.2008.39.3.441},
}

@article{Yuan2021,
    author = {Yuan, Michelle},
    title = {Diagnosing Object Agreement vs. Clitic Doubling},
    subtitle = {An {Inuit} case study},
    year = {2021},
    journaltitle = {Linguistic Inquiry},
    shortjournaltitle = {LI},
    volume = {52},
    number = {1},
    pages = {153--179},
    doi = {10.1162/ling_a_00366},
    eid = {},
}
